@book{Aho86,
  title={Compilers: Principles, Techniques, and Tools},
  author={Aho, A.V. and Sethi, R. and Ullman, J.D.},
  isbn={9780201100884},
  lccn={lc85015647},
  series={Addison-Wesley series in computer science and information processing},
  year={1986},
  publisher={Addison-Wesley Publishing Company}
}
